@MISC{FAQ,
	HOWPUBLISHED = "\url{https://dictionary.cambridge.org/us/dictionary/english/faq}",
	TITLE = "FAQ",
	NOTE = "Acedido em 03 de Janeiro de 2019"
}

@MISC{QA,
	HOWPUBLISHED = "\url{https://en.wikipedia.org/wiki/Q\%26A_software}",
	TITLE = "Q\&A software",
	NOTE = "Acedido em 03 de Janeiro de 2019"
}